@book{Christel08,
  author    = {Christel Baier and
               Joost{-}Pieter Katoen},
  title     = {Principles of model checking},
  publisher = {The {MIT} Press},
  year      = {2008},
  isbn      = {978-0-262-02649-9}
}

@book{Bradley07,
 author      = {Bradley, Aaron R. and Manna, Zohar},
 title       = {The Calculus of Computation: Decision Procedures with Applications to Verification},
 publisher   = {Springer-Verlag New York, Inc.},
 year        = {2007},
 address     = {Secaucus, NJ, USA}, 
 isbn        = {3540741127}
}

@book{Berard10,
 author = {Berard, B. and Bidoit, M. and Finkel, A. and Laroussinie, F. and Petit, A. and Petrucci, L. and Schnoebelen, P.},
 title = {Systems and Software Verification: Model-Checking Techniques and Tools},
 publisher = {Springer Publishing Company, Incorporated},
 year = {2010},
 edition = {1st}, 
 isbn = {3642074782, 9783642074783}
} 

@book{Muchnick97,
 author =     {Muchnick, Steven S.},
 title =      {Advanced compiler design and implementation},
 publisher =  {Morgan Kaufmann Publishers Inc.},
 year =       {1997},
 isbn =       {1-55860-320-4}
}

@book{Iso2003,
 author = {{ISO/IEC}},
 title    = {{ISO/IEC 14882:2003: Programming languages: C++}},
 publisher = {International Organization for Standardization},
 year = {2003}
}

@book{Deitel,
  author        = {Deitel, P. and Deitel, H.},  
  title         = {{C++ How to Program}},
  publisher     = {Prentice Hall},  
  year          = {2013},
  edition       = {7th},
  publisher     = {Pearson Education},
  isbn          = {978-85-7605-056-8}
}

@book{Clarke99,
 author = {Clarke,Jr., Edmund M. and Grumberg, Orna and Peled, Doron A.},
 title = {Model Checking},
 publisher = {MIT Press}, 
 year = {1999},
 isbn = {0-262-03270-8},
 address = {Cambridge, MA, USA} 
}

@article{Gadelha2015,
author   = {Gadelha, Mikhail Y. R.
            and Ismail, Hussama I.
            and Cordeiro, Lucas C.},
title    = {Handling loops in bounded model checking of C programs via k-induction},
journal  = {International Journal on Software Tools for Technology Transfer},
year     = {2015},
pages    = {1--18},
issn     = {1433-2787},
url      = {http://dx.doi.org/10.1007/s10009-015-0407-9},
doi      = {10.1007/s10009-015-0407-9}
}

@article{RochaICB15,
  author    = {Herbert Rocha and
               Hussama Ismail and
               Lucas C. Cordeiro and
               Raimundo S. Barreto},
  title     = {Model Checking Embedded {C} Software using k-Induction and Invariants},
  journal   = {V Brazilian Symposium on Computing Systems Engineering (SBESC)},
  booktitle = {2015 Brazilian Symposium on Computing Systems Engineering (SBESC)},   
  doi       = {10.1109/SBESC.2015.24},
  month     = {Nov},
  year      = {2015},
  pages     = {90--95}
  
}

@article{Morse2013,
author      = {Morse, Jeremy
               and Cordeiro, Lucas
               and Nicole, Denis
               and Fischer, Bernd},
title       = {Model Checking LTL Properties over ANSI-C Programs with Bounded Traces},
journal     = {Softw. Syst. Model.},
issue_date  = {February  2015},
volume      = {14},
number      = {1},
month       = {feb},
issn        = {1619-1366},
pages       = {65--81},
numpages    = {17},
url         = {http://dx.doi.org/10.1007/s10270-013-0366-0},
acmid       = {2733596},
publisher   = {Springer-Verlag New York, Inc.},
address     = {Secaucus, NJ, USA},
year        = {2015},
doi         = {10.1007/s10270-013-0366-0}
 
}

@article{Musuvathi2002,
 author = {Musuvathi, Madanlal and Park, David Y. W. and Chou, Andy and Engler, Dawson R. and Dill, David L.},
 title = {CMC: A Pragmatic Approach to Model Checking Real Code},
 journal = {SIGOPS Oper. Syst. Rev.},
 issue_date = {Winter 2002},
 volume = {36},
 number = {SI},
 month = dec,
 issn = {0163-5980},
 pages = {75--88},
 numpages = {14},
 url = {http://doi.acm.org/10.1145/844128.844136},
 acmid = {844136},
 address = {New York, NY, USA},
 year = {2002},
 doi = {10.1145/844128.844136},
 publisher = {ACM}
} 

@article{pereira2016,
   title     = {Verifying CUDA Programs using SMT-Based Context-Bounded Model Checking},
   author    = {Pereira, Phillipe A and 
                Albuquerque, Higo F and 
                Marques, Hendrio M  and 
                Silva, Isabela S    and 
                Carvalho, Celso B   and
                Cordeiro, Lucas C},
   year      = {2016},
   booktitle = {Proceedings of the 31st Annual ACM Symposium on Applied Computing},
   series    = {SAC '16},
   publisher = {ACM},
   isbn      = {978-1-4503-3739-7},
   location  = {Pisa, Italy},
   pages     = {1648--1653},
   numpages  = {6},
   url       = {http://doi.acm.org/10.1145/2851613.2851830},
   acmid     = {2851830},
   address   = {New York, NY, USA},
   doi       = {10.1145/2851613.2851830}
  
}

@article {pereira2016journal,
title       = {SMT-based context-bounded model checking for CUDA programs},
author      = { Pereira, Phillipe and 
                Albuquerque, Higo and 
                da Silva, Isabela and 
                Marques, Hendrio  and 
                Monteiro, Felipe  and 
                Ferreira, Ricardo and 
                Cordeiro, Lucas},
journal     = {Concurrency and Computation: Practice and Experience},
issn        = {1532-0634},
url         = {http://dx.doi.org/10.1002/cpe.3934},
pages       = {n/a--n/a},
doi         = {10.1002/cpe.3934},
note        = {cpe.3934},
year        = {2016}
} 

@article{MerweTMV15,
  author       = {Heila van der Merwe and
                  Oksana Tkachuk and
                  Brink van der Merwe and
                  Willem Visser},
  title        = {Generation of Library Models for Verification of Android Applications},
  year         = {2015},
  issue_date   = {January 2015},
  volume       = {40},
  number       = {1},
  month        = feb,
  issn         = {0163-5948},
  pages        = {1--5},
  numpages     = {5},
  journal      = {{ACM} {SIGSOFT} Software Engineering Notes},
  url          = {http://doi.acm.org/10.1145/2693208.2693247},
  acmid        = {2693247},
  publisher    = {ACM},
  address      = {New York, NY, USA},
  doi          = {10.1145/2693208.2693247}
}

@article{MerweMV14,
  author       = {Heila van der Merwe and
                  Brink van der Merwe and
                  Willem Visser},
  title        = {Execution and Property Specifications for JPF-Android},
  year         = {2014},  
  journal      = {{ACM} {SIGSOFT} Software Engineering Notes},
  issue_date   = {January 2014},
  volume       = {39},
  number       = {1},
  month        = feb,
  issn         = {0163-5948},
  pages        = {1--5},
  numpages     = {5},
  url          = {http://doi.acm.org/10.1145/2557833.2560576},
  acmid        = {2560576},
  publisher    = {ACM},
  address      = {New York, NY, USA},
  doi          = {10.1145/2557833.2560576}
}

@article{Cordeiro11,
  author    = {Lucas Cordeiro and Bernd Fischer},
  title     = {Verifying Multi-threaded Software using SMT-based Context-Bounded Model Checking},
  year      = {2011},  
  journal   = {To appear in 33rd International Conference on Software Engineering, Technical/Research Track},
  publisher = {ACM/IEEE}
}

@article{BozzanoBCFHKPS06,
  author    = {Marco Bozzano and
               Roberto Bruttomesso and
               Alessandro Cimatti and
               Anders Franz{\'e}n and
               Ziyad Hanna and
               Zurab Khasidashvili and
               Amit Palti and
               Roberto Sebastiani},
  title     = {Encoding {RTL} Constructs for {MathSAT}: a Preliminary Report},
  year      = {2006},
  journal   = {Electr. Notes Theor. Comput. Sci.}
}

@article{Armando09,
 author     = {Armando,, Alessandro and Mantovani,, Jacopo and Platania,, Lorenzo},
 title      = {Bounded model checking of software using {SMT} solvers instead of {SAT} solvers},
 journal    = {Int. J. Softw. Tools Technol. Transf.},
 year       = {2009}, 
 publisher  = {Springer-Verlag}
 }

@article{TSE12,
  author       = {Cordeiro, L. and Fischer, B. and Marques-Silva, J.},
  title        = {{SMT}-based Bounded Model Checking for Embedded {ANSI-C} Software},
  year         = {2012},
  volume       = {38}, 
  number       = {4},  
  pages        = {957-974},
  doi          = {10.1109/TSE.2011.59}, 
  ISSN         = {0098-5589}, 
  month        = {July},
  journal      = {{IEEE Transactions on Software Engineering}}
}

@inproceedings{CBMC14,
  author       = {Daniel Kroening and Michael Tautschnig},
  title        = {{CBMC} - {C} Bounded Model Checker},
  booktitle    = {Tools and Algorithms for the Construction and Analysis of Systems: 20th International Conference, TACAS 2014, Held as Part of the European Joint Conferences on Theory and Practice of Software, ETAPS 2014, Grenoble, France, April 5-13, 2014. Proceedings},
  pages        = {389--391},
  publisher    = {Springer Berlin Heidelberg},
  address      = {Berlin, Heidelberg},
  isbn         = {978-3-642-54862-8},
  doi          = {10.1007/978-3-642-54862-8_26},
  url          = {http://dx.doi.org/10.1007/978-3-642-54862-8_26},
  year         = {2014}
}

@inproceedings{FalkeMS13,
  author       = {Stephan Falke and Florian Merz and Carsten Sinz},
  title        = {The bounded model checker {LLBMC}},
  booktitle    = {Automated Software Engineering (ASE), 2013 IEEE/ACM 28th International Conference on},
  pages        = {706--709},
  doi          = {10.1109/ASE.2013.6693138}, 
  month        = {Nov},
  year         = {2013}
}

@inproceedings{monteiro2015,
  author       = {Monteiro, F. R. and Cordeiro, L. C. and de Lima Filho, E. B.},
  title        = {{Bounded Model Checking of C++ Programs Based on the Qt Framework}},
  booktitle    = {2015 IEEE 4th Global Conference on Consumer Electronics (GCCE)},
  publisher    = {IEEE},
  doi          = {10.1109/GCCE.2015.7398699}, 
  month        = {Oct},
  pages        = {179-180},
  year         = {2015}
}

@inproceedings{NASA07,
 author = {Mehlitz, Peter and Rungta, Neha and Visser, Willem},
 title = {A Hands-on Java PathFinder Tutorial},
 booktitle = {Proceedings of the 2013 International Conference on Software Engineering},
 series = {ICSE '13},
 year = {2013},
 isbn = {978-1-4673-3076-3},
 location = {San Francisco, CA, USA},
 numpages = {3},
 pages = {1493--1495},
 url = {http://dl.acm.org/citation.cfm?id=2486788.2487052},
 acmid = {2487052},
 publisher = {IEEE Press},
 address = {Piscataway, NJ, USA}
} 

@inproceedings{MouraB09,
  author       = {Leonardo Mendon\c{c}a de Moura and Nikolaj Bj{\o}rner},
  chapter      = {Satisfiability Modulo Theories: An Appetizer},
  title        = {Formal Methods: Foundations and Applications},
  editor       = {Oliveira, Marcel Vin\'{\i}cius and Woodcock, Jim},
  isbn         = {978-3-642-10451-0},
  numpages     = {14},
  url          = {http://dx.doi.org/10.1007/978-3-642-10452-7_3},
  doi          = {10.1007/978-3-642-10452-7_3},
  acmid        = {1693663},
  publisher    = {Springer-Verlag},
  address      = {Berlin, Heidelberg},
  pages        = {23-36},
  year         = {2009}
}

@inproceedings{CVC07,
  author       = {Clark Barrett and Cesare Tinelli},
  title        = {{CVC3}},
  booktitle    = {Proceedings of the $19^{th}$ International Conference on Computer Aided Verification (CAV '07)},
  series       = {Lecture Notes in Computer Science},
  volume       = {4590},
  publisher    = {Springer-Verlag},
  editor       = {Werner Damm and Holger Hermanns},
  pages        = {298--302},
  month        = {jul},
  note         = {Berlin, Germany},
  year         = {2007}
  
  
}

@inproceedings{Clarke04,
  author       = { Clarke, Edmund and Kroening, Daniel and Lerda, Flavio },
  title        = { A Tool for Checking {ANSI-C} Programs },
  booktitle    = { TACAS },
  pages        = { 168--176 },
  year         = { 2004 }
}

@inproceedings{McCarthy62,
  author       = {J. Mccarthy},
  editor       = {Colburn, Timothy R.
                  and Fetzer, James H.
                  and Rankin, Terry L.},
  title        = {Towards a Mathematical Science of Computation},
  bookTitle    = {Program Verification: Fundamental Issues in Computer Science},
  publisher    = {Springer Netherlands},
  address      = {Dordrecht},
  isbn         = {978-94-011-1793-7},
  doi          = {10.1007/978-94-011-1793-7_2},
  url          = {http://dx.doi.org/10.1007/978-94-011-1793-7_2},
  pages        = {21--28},
  year         = {1962}
}

@inproceedings{Ganai06,
  author       = {Malay K. Ganai and Aarti Gupta},
  title        = {Accelerating high-level bounded model checking},
  booktitle    = {ICCAD},
  pages        = {794-801},
  year         = {2006}
}

@inproceedings{ckso04,
  author       = { Clarke, Edmund and Kroening, Daniel and Strichman, Ofer and Ouaknine, Joel },
  title        = { Completeness and Complexity of Bounded Model Checking },
  booktitle    = { 5th International Conference on Verification, Model Checking, and Abstract Interpretation },
  pages        = { 85--96 },
  year         = { 2004 }

}

@inproceedings{Ganai08,
  author       = {Malay K. Ganai and Aarti Gupta},
  title        = {Completeness in {SMT}-based {BMC} for Software Programs},
  booktitle    = {DATE},
  pages        = {831-836},
  year         = {2008}

}

@inproceedings{ECBS13,
 author      = {Ramalho, Mikhail and 
                Freitas, Mauro and 
                Sousa, Felipe and 
                Marques, Hendrio and 
                Cordeiro, Lucas and 
                Fischer, Bernd},
 title       = {SMT-Based Bounded Model Checking of C++ Programs},
 booktitle   = {Proceedings of the 20th Annual IEEE International Conference and Workshops on the Engineering of Computer Based Systems},
 year        = {2013},
 series      = {ECBS '13},
 isbn        = {978-0-7695-4991-0},
 numpages    = {10},
 url         = {http://dx.doi.org/10.1109/ECBS.2013.15},
 doi         = {10.1109/ECBS.2013.15},
 acmid       = {2510590},
 publisher   = {IEEE Computer Society},
 address     = {Washington, DC, USA},
 pages       = {147--156}
} 

@inproceedings{ICSE11,
  author       = {Lucas C. Cordeiro and
                  Bernd Fischer},
  title        = {Verifying multi-threaded software using smt-based context-bounded
                  model checking},
  booktitle    = {Proceedings of the 33rd International Conference on Software Engineering,
                  {ICSE} 2011, Waikiki, Honolulu , HI, USA, May 21-28, 2011},
  series       = {ICSE '11},
  isbn         = {978-1-4503-0445-0},
  location     = {Waikiki, Honolulu, HI, USA},
  numpages     = {10},
  url          = {http://doi.acm.org/10.1145/1985793.1985839},
  doi          = {10.1145/1985793.1985839},
  acmid        = {1985839},
  publisher    = {ACM},
  address      = {New York, NY, USA},
  pages        = {331--340},
  year         = {2011}  
}


@inproceedings{TACAS14,
  author       = {Jeremy Morse and
                  Mikhail Ramalho and
                  Lucas C. Cordeiro and
                  Denis Nicole and
                  Bernd Fischer},
  title        = {{ESBMC} 1.22 - (Competition Contribution)},
  booktitle    = {{TACAS}},
  pages        = {405--407},
  year         = {2014}
}

@inproceedings{RochaBCN12,
  author       = {Herbert Rocha and
                  Raimundo S. Barreto and
                  Lucas C. Cordeiro and
                  Arilo Dias Neto},
  title        = {Understanding Programming Bugs in {ANSI-C} Software Using Bounded Model Checking Counter-Examples},
  booktitle    = {Proceedings of the 9th International Conference on Integrated Formal Methods},
  pages        = {128--142},
  series       = {IFM'12},
  isbn         = {978-3-642-30728-7},
  location     = {Pisa, Italy},
  numpages     = {15},
  url          = {http://dx.doi.org/10.1007/978-3-642-30729-4_10},
  doi          = {10.1007/978-3-642-30729-4_10},
  acmid        = {2367846},
  publisher    = {Springer-Verlag},
  address      = {Berlin, Heidelberg},
  year         = {2012}
}


@inproceedings{Z308,
  author       = {Leonardo Mendon{\c{c}}a de Moura and
                  Nikolaj Bj{\o}rner},
  title        = {Z3: An Efficient {SMT} Solver},
  booktitle    = {Proceedings of the Theory and Practice of Software, 14th International Conference on Tools and Algorithms for the Construction and Analysis of Systems},
  series       = {TACAS'08/ETAPS'08},
  isbn         = {3-540-78799-2, 978-3-540-78799-0},
  location     = {Budapest, Hungary},
  numpages     = {4},
  url          = {http://dl.acm.org/citation.cfm?id=1792734.1792766},
  acmid        = {1792766},
  publisher    = {Springer-Verlag},
  address      = {Berlin, Heidelberg},
  pages        = {337--340},
  year         = {2008}
  
}

@inproceedings{Florian12,
  author       = {Florian Merz and
                  Stephan Falke and
                  Carsten Sinz},
  title        = {{LLBMC:} Bounded Model Checking of {C} and {C++} Programs Using a
                  Compiler {IR}},
  booktitle    = {Proceedings of the 4th International Conference on Verified Software: Theories, Tools, Experiments (VSTTE)},
  pages        = {146--161},
  series       = {VSTTE'12},
  isbn         = {978-3-642-27704-7},
  location     = {Philadelphia, PA},
  numpages     = {16},
  url          = {http://dx.doi.org/10.1007/978-3-642-27705-4_12},
  doi          = {10.1007/978-3-642-27705-4_12},
  acmid        = {2189326},
  publisher    = {Springer-Verlag},
  address      = {Berlin, Heidelberg},
  year         = {2012}
}

@inproceedings{Blanc07,
  author       = {Nicolas Blanc and
                  Alex Groce and
                  Daniel Kroening},
  title        = {Verifying C++ with STL Containers via Predicate Abstraction},
  booktitle    = {Proceedings of the Twenty-second IEEE/ACM International Conference on Automated Software Engineering (ASE)},
  pages        = {521--524},
  series       = {ASE '07},
  isbn         = {978-1-59593-882-4},
  location     = {Atlanta, Georgia, USA},
  numpages     = {4},
  url          = {http://doi.acm.org/10.1145/1321631.1321724},
  doi          = {10.1145/1321631.1321724},
  acmid        = {1321724},
  publisher    = {ACM},
  address      = {New York, NY, USA},
  year         = {2007}
}

@inproceedings{WangBW14,
  author       = {Wei Wang and
                  Clark Barrett and
                  Thomas Wies},
  editor       = {McMillan, Kenneth L. and Rival, Xavier},
  title        = {Cascade 2.0},
  booktitle    = {Verification, Model Checking, and Abstract Interpretation: 15th International Conference, VMCAI 2014, San Diego, CA, USA, January 19-21, 2014, Proceedings},
  pages        = {142--160},
  publisher    = {Springer Berlin Heidelberg},
  address      = {Berlin, Heidelberg},
  isbn         = {978-3-642-54013-4},
  doi          = {10.1007/978-3-642-54013-4_9},
  url          = {http://dx.doi.org/10.1007/978-3-642-54013-4_9},
  year         = {2014}
}

@inproceedings{BBH13,
  author="Barnat, Ji{\v{r}}{\'i} 
          and Brim, Lubo{\v{s}} 
          and Havel, Vojt{\v{e}}ch 
          and Havl{\'i}{\v{c}}ek, Jan 
          and Kriho, Jan 
          and Len{\v{c}}o, Milan
          and Ro{\v{c}}kai, Petr
          and {\v{S}}till, Vladim{\'i}r
          and Weiser, Ji{\v{r}}{\'i}",
  title     = {{DiVinE 3.0 -- An Explicit-State Model Checker
                for Multithreaded C \& C++ Programs}},
  booktitle = {{Computer Aided Verification: 25th International Conference, CAV 2013, Saint Petersburg, Russia, July 13-19, 2013}},
  pages     = {863--868},
  publisher = {Springer Berlin Heidelberg},
  address   = {Berlin, Heidelberg},
  isbn      = {978-3-642-39799-8},
  doi       = {10.1007/978-3-642-39799-8_60},
  url       = {http://dx.doi.org/10.1007/978-3-642-39799-8_60},
  year      = {2013}
}

@inproceedings{eps2009,
 author = {Cordeiro, Lucas and Fischer, Bernd and Chen, Huan and Marques-Silva, Joao},
 title = {Semiformal Verification of Embedded Software in Medical Devices Considering Stringent Hardware Constraints},
 booktitle = {Proceedings of the 2009 International Conference on Embedded Software and Systems},
 month = {March},
 series = {ICESS '09},
 year = {2009},
 isbn = {978-0-7695-3678-1},
 url = {http://eprints.soton.ac.uk/267239/},
 pages = {396--403}
              
} 

@misc{cross2014,
 author      = {Research2guidance},
 title       = {{Cross-Platform Tool Benchmarking}},
 institution = {Research2guidance},
 howpublished = "\url{{http://www.research2guidance.com/r2g/Cross-Platform-Tool-Benchmarking-Report-2014.pdf}}",
 year        = {2014}
}

@misc{Sites74,
 author      = {Sites, Richard L.},
 title       = {Some Thoughts on Proving Clean Termination of Programs.},
 year        = {1974},
 howpublished = "\url{{http://www.ncstrl.org:8900/ncstrl/servlet/search?formname=detail\&id=oai%3Ancstrlh%3Astan%3ASTAN%2F%2FCS-TR-74-417}}",
 publisher   = {Stanford University}
} 

@misc{CLANG,
  title        = {{CLang Documentation}},
  author       = {Lattner, C.},
  organization = {{The Clang-LLVM Project}}, 
  year         = {2015},
  howpublished = {\url{{http://clang.llvm.org/docs/index.html}}},
  note         = {[Online; accessed December-2015]}
}

@misc{Qt15,
  author       = {{The Qt Company Ltd.}},
  title        = {{The Qt Framework}},
  howpublished = "\url{{http://www.qt.io/qt-framework/}}",
  year         = {2015},
  note         = "[Online; accessed 2-April-2015]"
}

@misc{Samsung,
  author       = {{Qt in Home Media}},
  howpublished = "\url{{http://qt.nokia.com/qt-in-use/qt-in-home-media}}",
  year         = {2011},
  note         = "[Online; accessed July-2011]"
}

@misc{Philips,
  author       = {{Qt in IP Communications}},
  howpublished = "\url{{http://qt.nokia.com/qt-in-use/qt-in-ip-communications}}",
  year         = {2011},
  note         = "[Online; accessed July-2011]"
}

@misc{Panasonic,
  author       = {{Panasonic selects Qt for HD video system}},
  howpublished = "\url{{http://qt.nokia.com/about/news/panasonic-selects-qt-for-hd-video-system}}",
  year         = {2011},
  note         = "[Online; accessed July-2011]"
}

@misc{QtLibs5,
  author       = {{The Qt Company Ltd.}},
  title        = {{Signals and Slots - QtCore 5}},
  howpublished = "\url{{https://doc.qt.io/qt-5/signalsandslots.html}}",
  year         = {2015},
  note         = "[Online; accessed 2-April-2015]"
}

@misc{Moc,
  author       = {{The Qt Company Ltd.}},
  title        = {{The Meta-Object System}},
  howpublished = "\url{{http://doc.qt.io/qt-5/metaobjects.html}}",
  year         = {2015},
  note         = "[Online; accessed 2-April-2015]"
}

@misc{QtProject12,
  author       = {{Qt Project Hosting}},
  title        = {{Qt Project}},
  howpublished = "\url{{http://www.qt.io/developers/}}",
  year         = {2012},
  note         = "[Online; accessed September-2012]"
}

@misc{geomessage,
  author       = {{Environmental Systems Research Institute}},
  title        = {{GeoMessage Simulator}},
  howpublished = "\url{{https://github.com/Esri/geomessage-simulator-qt}}",
  year         = {2015},
  note         = "[Online; accessed 15-September-2015]"
}

@misc{locomaps,
  author       = {{Locomaps}},
  title        = {{Spatial Minds and CyberData Corporation}},
  howpublished = "\url{{https://github.com/craig-miller/locomaps}}",
  year         = {2012},
  note         = "[Online; accessed 10-September-2015]"
}

@misc{Wintersteiger09,
  author       = {{Wintersteiger, C.}},
  title        = {{goto-cc -- a C/C++ front-end for Verification}},
  howpublished = "\url{{http://www.cprover.org/goto-cc/}}",
  year         = {2009},
  note         = "[Online; accessed January-2016]"
}

@misc{qtjambi,
  author       = {{Qt Jambi}},
  title        = {{Qt Jambi}},
  howpublished = "\url{{http://qtjambi.org}}",
  year         = {2015},
  note         = "[Online; accessed December-2015]"
}

@misc{qtdevelopers,
  author       = {{Qt Developers}},
  title        = {{Qt Developers}},
  howpublished = "\url{{https://www.qt.io/developers/}}",
  year         = {2015},
  note         = "[Online; accessed July-2016]"
}

@misc{qtdocumentation,
  author       = {{Qt Documentation}},
  title        = {{Qt Documentation}},
  howpublished = "\url{{http://doc.qt.io/}}",
  year         = {2015},
  note         = "[Online; accessed December-2015]"
}

@misc{qtcreator,
  author       = {{Qt Creator}},
  title        = {{Qt Creator}},
  howpublished = "\url{{http://doc.qt.io/qtcreator/index.html}}",
  year         = {2015},
  note         = "[Online; accessed July-2016]"
}


@misc{ArcGIS,
  author       = {{Environmental Systems Research Institute, Inc.}},
  title        = {{ArcGIS for the Military}},
  howpublished = "\url{{http://solutions.arcgis.com/military/}}",
  year         = {2015},
  note         = "[Online; accessed 25-November-2015]"
}

@misc{time,
  author       = {{The Open Group}},
  title        = {{The Single UNIX \textregistered Specification, Version 2 -- time.h}},
  howpublished = "\url{{http://pubs.opengroup.org/onlinepubs/007908775/xsh/time.h.html}}",
  year         = {1997},
  note         = "[Online; accessed December-2015]"
}

@incollection{DBLP:series/faia/Biere09,
  author = {Armin Biere},
  title = {Bounded Model Checking},
  booktitle = HOS,
  publisher = {{IOS} Press},
  year = {2009},
  pages = {457--481}
}

@incollection{handbook09,
  author    = {Armin Biere},
  title     = {Bounded Model Checking},
  pages     = {457-481},
  booktitle = {Handbook of Satisfiability},
  year      = {2009}
}

@incollection{Cordeiro2012,
author         = {Cordeiro, Lucas
                  and Morse, Jeremy
                  and Nicole, Denis
                  and Fischer, Bernd},
title          = {Context-Bounded Model Checking with ESBMC 1.17},
booktitle      = {Proceedings of the 18th International Conference on Tools and Algorithms for the Construction and Analysis of Systems},
series         = {TACAS'12},
year           = {2012},
publisher      = {Springer-Verlag},
isbn           = {978-3-642-28755-8},
location       = {Tallinn, Estonia},
numpages       = {4},
url            = {http://dx.doi.org/10.1007/978-3-642-28756-5_42},
doi            = {10.1007/978-3-642-28756-5_42},
acmid          = {2260570},
address        = {Berlin, Heidelberg},
pages          = {534--537}
}


@incollection{MorseHandling2013,
author         = {Morse, Jeremy
                  and Cordeiro, Lucas
                  and Nicole, Denis
                  and Fischer, Bernd},
title          = {Handling Unbounded Loops with ESBMC 1.20},
booktitle      = {Proceedings of the 19th International Conference on Tools and Algorithms for the Construction and Analysis of Systems},
series         = {TACAS'13},
isbn           = {978-3-642-36741-0},
location       = {Rome, Italy},
year           = {2013},
numpages       = {4},
url            = {http://dx.doi.org/10.1007/978-3-642-36742-7_47},
doi            = {10.1007/978-3-642-36742-7_47},
acmid          = {2450454},
publisher      = {Springer-Verlag},
address        = {Berlin, Heidelberg},
publisher      = {Springer Berlin Heidelberg},
pages          = {619--622}

 
 


}

@incollection{Morse2014,
author     = {Morse, Jeremy
             and Ramalho, Mikhail
             and Cordeiro, Lucas
             and Nicole, Denis
             and Fischer, Bernd},
title      = {ESBMC 1.22},
booktitle  = {Tools and Algorithms for the Construction and Analysis of Systems: 20th International Conference, TACAS 2014, Held as Part of the European Joint Conferences on Theory and Practice of Software, ETAPS 2014, Grenoble, France, April 5-13, 2014. Proceedings},
year       = {2014},
publisher  = {Springer Berlin Heidelberg},
address    = {Berlin, Heidelberg},
isbn       = {978-3-642-54862-8},
doi        = {10.1007/978-3-642-54862-8_31},
url        = {http://dx.doi.org/10.1007/978-3-642-54862-8_31},
pages      = {405--407}
}

@inbook{Clarke01,
  author    = {Clarke, E.~M. and Schilingloff, H.},
  title     = {Handbook of Automated Reasoning},
  chapter   = {{Model Checking}},
  pages     = {1635--1790},
  publisher = {The MIT Press},
  year      = {2001}
}

@inbook{Dutertre:cav2014,
  author      = {Dutertre, Bruno},
  editor      = {Biere, Armin}, 
  title       = {Yices 2.2},
  booktitle   = {Computer Aided Verification: 26th International Conference, CAV 2014, Held as Part of the Vienna Summer of Logic, VSL 2014, Vienna, Austria, July 18-22, 2014. Proceedings},
  year        = {2014},
  publisher   = {Springer International Publishing},
  address     = {Cham},
  isbn        = {978-3-319-08867-9},
  doi         = {10.1007/978-3-319-08867-9_49},
  url         = {http://dx.doi.org/10.1007/978-3-319-08867-9_49},
  pages       = {737--744}

}

@inbook{Boolector09,
  author       = { Brummayer, R. and Biere, A. },
  editor       = {Kowalewski, Stefan and Philippou, Anna},  
  title        = { Boolector: An Efficient {SMT} Solver for Bit-Vectors and Arrays },
  booktitle    = { Tools and Algorithms for the Construction and Analysis of Systems: 15th International Conference, TACAS 2009, Held as Part of the Joint European Conferences on Theory and Practice of Software, ETAPS 2009, York, UK, March 22-29, 2009. Proceedings },
  pages        = { 174--177 },
  publisher    = {Springer Berlin Heidelberg},
  address      = {Berlin, Heidelberg},
  isbn         = {978-3-642-00768-2},
  doi          = {10.1007/978-3-642-00768-2_16},
  url          = {$http://dx.doi.org/10.1007/978-3-642-00768-2_16$},
  year         = { 2009 }
}