
@manual{CppDraft,
  title 	= "{{Standard for Programming Language {C}++}}",
  standard	= "{{N3376}}",
  author 	= {{INTEL Corporation}},
  year 		= {2012},
  pages		= {1324},
}

@misc{symbolicmodel,
    author = {{BURCH, Jerry R., CLARKE, Edmund, MCMILLAN, Kenneth L., DILL, David L., HWANG, Larry J.}},
    title = {Symbolic Model Checking: 10 20 States and Beyond},
    year = {1990}
}

@misc{CppReference12,
  title       = "{{Reference of the C++ Language Library}}",
  author      = {{CPP Reference}},
  year        = {2013},
  note        = {Disponível em: http://www.cplusplus.com/reference/. Acesso em: 5 março 2013.}
}

@misc{SMT-LIB,
  title       = "{{SMT-LIB}}",
  author      = {{The Satisfiability Modulo Theories Library}},
  year        = {2014},
  note        = {Disponível em: http://combination.cs.uiowa.edu/smtlib. Acesso em: 9 março 2014.}
}

@misc{Scratch,
  title       = "{{Scratch}}",
  author      = {{DONALDSON, Alastair F.}},
  year        = {2013},
  note        = {Disponível em: http://www.cprover.org/scratch/. Acesso em: 6 junho 2013.}
}

@misc{gccTestSuite,
  title       = "{{GCC Test Suite}}",
  author      = {{Free Software Foundation}},
  year        = {2013},
  note        = {Disponível em: https://github.com/mirrors/gcc/tree/master/gcc/testsuite/. Acesso em: 1 dezembro 2013.}
}

@misc{Boogie,
  title       = "{{Boogie}}",
  author      = {{LEINO, Rustan}},
  year        = {2013},
  note        = {Disponível em: http://boogie.codeplex.com/. Acesso em: 15 junho 2013.}
}

@misc{esbmc12,
  title       = "{{Efficient SMT-Based Context-Bounded Model Checker}}",
  author      = {{ESBMC}},
  year        = {2013},
  note        = {Disponível em: http://esbmc.org. Acesso em: 5 março 2013.}
}

@misc{llbmc12,
  title       = "{{The Low-Level Bounded Model Checker}}",
  author      = {{LLBMC}},
  year        = {2013},
  note        = {Disponível em: http://llbmc.org. Acesso em: 5 março 2013.}
}

@misc{CLANG,
  title       = "{{LLVM Tools}}",
  author      = {{LLVM}},
  year        = {2013},
  note        = {Disponível em: http://llvm.org/releases/. Acesso em: 5 março 2013.}
}

@misc{NeclabsBenchmarkExceptions,
  title       = "{{NEC}}",
  author      = {{NEC Labs}},
  year        = {2013},
  note        = {Disponível em: http://www.nec-labs.com/research/system/. Acesso em: 5 março 2013.}
}

@misc{Wintersteiger09,
  title       = "{{Compiling GOTO-Programs}}",
  author      = {{WINTERSTEIGER, Christoph}},
  year        = {2009},
  note        = {Disponível em: http://www.cprover.org/goto-cc/. Acesso em: 5 março 2013.}
}

@misc{Butler,
  title       = "{{What is Formal Methods?}}",
  author      = {{BUTLER, Ricky}},
  year        = {2001},
  note        = {Disponível em: http://shemesh.larc.nasa.gov/fm/fm-what.html. Acesso em: 10 abril 2013.}
}

@misc{hoareSurvey,
  title       = {Ten Years of Hoare's Logic: A Survey -- Part l },
  author      = {{APT, Krzysztof R.}},
  year        = {1981}
}

@inproceedings{CVC07,
  title 	= "{{CVC3}}",
  author 	= {{BARRETT, Clark, TINELLI, Cesare}},
  booktitle = {Lecture Notes in Computer Science},
  volume	= {4590},
  pages 	= {298--302},
  year 		= {2007},
	publisher = {Springer},
	address = {Berlin, Alemanha}
}

@inproceedings{STP,
  title 	= "{{A Decision Procedure for Bit-Vectors and Arrays}}",
  author 	= {{GANESH, Vijay, DILL, David}},
  booktitle = {Lecture Notes in Computer Science},
  volume	= {4590},
  pages 	= {519--531},
  year 		= {2007},
	publisher = {Springer},
	address = {Berlin, Alemanha}
}

@inproceedings{Blanc07,
  title 	= "{Verifying C++ with STL containers via predicate abstraction}",
  author 	= {{BLANC, Nicolas, GROCE, Alex, KROENING, Daniel}},
  booktitle = {Proceedings of International Conference on Automated Software Engineering},
  pages 	= {521--524},
  year 		= {2007},
	publisher = {ETH, Department of Computer Science},
	address = {Zurich}
}

@inproceedings{Clarke04,
  title 	= "{{A tool for checking {ANSI-C} programs}}",
  author 	= {{CLARKE, Edmund, KROENING, Daniel, LERDA, Flavio}},
  booktitle = {Tools and Algorithms for the Construction and Analysis of Systems, Lecture Notes in Computer Science},
  volume	= {2988},
  pages 	= {168--176},
  year 		= {2004},
	publisher = {Springer},
	address = {Lancaster, Reino Unido}
}

@inproceedings{Clarke03,
  title 	= "{{Predicate Abstraction of {ANSI-C} Programs using SAT}}",
  author 	= {{CLARKE, Edmund, KROENING, Daniel, SHARYGINA, Natasha, YORAV, Karen}},
  booktitle = {Formal Methods in System Design},
  pages 	= {105--127},
  year 		= {2003},
	publisher = {Springer US},
	address = {Estados Unidos}
}

@inproceedings{Boolector09,
  title 	= "{{Boolector: An efficient {SMT} solver for  bit-vectors and arrays}}",
  author 	= {{BRUMMAYER, Robert, BIERE, Armin}},
  booktitle = {Lecture Notes in Computer Science},
  volume	= {5505},
  pages 	= {174-177},
  year 		= {2009},
	publisher = {Springer},
	address = {York, Reino Unido}
}

@inproceedings{icse2011,
  title 	= "{{Verifying Multi-threaded Software using SMT-based Context-Bounded Model Checking}}",
  author 	= {{CORDEIRO, Lucas, FISCHER, Bernd}},
  booktitle = {Proceedings of  International Conference on Software Engineering},
  pages 	= {331--340},
  year 		= {2011},
	address = {Waikiki, Havaí}
}

@inproceedings{qadeer05,
  title 	= "{{Context-Bounded Model Checking of Concurrent Software}}",
  author 	= {{Qadeer, Shaz, REHOF, Jakob}},
  booktitle = {Proceedings of Tools and Algorithms for the Construction and Analysis of Systems},
  pages 	= {93--107},
  year 		= {2005},
	publisher = {Microsoft Research},
	address = {Redmond, Estados Unidos}
}

@inproceedings{Tacas2013,
  title 	= "{{Handling Unbounded Loops with ESBMC 1.20}}",
  author 	= {{MORSE, Jeremy, CORDEIRO, Lucas, NICOLE, Denis, FISCHER, Bernd}},
  booktitle = {Proceedings of Tools and Algorithms for the Construction and Analysis of Systems},
  pages 	= {619--622},
  year 		= {2013},
	publisher = {Springer},
	address = {Roma, Itália}
}

@inproceedings{Tacas2014,
  title 	= "{{ESBMC 1.22 (Competition Contribution)}}",
  author 	= {{MORSE, Jeremy, RAMALHO, Mikhail, CORDEIRO, Lucas, NICOLE, Denis, FISCHER, Bernd}},
  booktitle = {Proceedings of Tools and Algorithms for the Construction and Analysis of Systems},
  pages 	= {619--622},
  year 		= {2014},
	publisher = {Springer},
	address = {Grenoble, França}
}

@inproceedings{satabs,
    author = {{CLARKE, Edmund, KROENING, Daniel, SHARYGINA, Natasha, YORAV, Karen}},
    title = {SATABS: SAT-based Predicate Abstraction for ANSI-C},
    booktitle = {Proceedings of Tools and Algorithms for the Construction and Analysis of Systems},
    pages = {570--574},
    year = {2005},
    publisher = {Springer},
		address = {Edimburgo, Reino Unido}
}

@inproceedings{Z08,
  title 	= "{{Z3: An efficient {SMT} solver}}",
  author 	= {{MOURA, Leonardo de, BJ{\O}RNER, Nikolaj}},
  booktitle = {Lecture Notes in Computer Science},
  volume	= {4963},
  pages 	= {337--340},
  year 		= {2008},
	publisher = {Springer},
	address = {Budapeste, Hungria}
}

@inproceedings{Fsoft,
  title 	= "{{Model Checking C programs using F-Soft}}",
  author 	= {{IVANCIC, Franjo}},
  booktitle = {Proceedings of International Conference on Computer Design},
  pages 	= {297--308},
  year 		= {2005},
	publisher = {IEEE Computer Society},
	address = {San Jose, Estados Unidos}
}

@inproceedings{McCarthy62,
  title 	= "{{Towards a mathematical science of computation}}",
  author 	= {{MCCARTHY, John}},
  booktitle = {Proceedings of International Federation for Information Processing Congress},
  pages 	= {21--28},
  year 		= {1962},
	publisher = {North-Holland},
	address = {Munique, Alemanha}
}

@inproceedings{Florian12,
  title 	= "{{{LLBMC}: Bounded Model Checking of C and C++ Programs Using a Compiler IR}}",
  author 	= {{MERZ, Florian, FALKE, Stephan, SINZ, Carsten}},
  booktitle = {Proceedings of Verified Software: Theories, Tools and Experiments},
  pages 	= {146--161},
  year 		= {2012},
	Publisher = {Springer},
	address = {Philadelphia, Estados Unidos}
}

@inproceedings{LLBMC-ASE13,
  title 	= "{{{LLBMC}: The Bounded Model Checker LLBMC}}",
  author 	= {{FALKE, Stephan, MERZ, Florian, SINZ, Carsten}},
  booktitle = {Proceedings of 28th International Conference on Automated Software Engineering (ASE)},
  pages 	= {706--709},
  year 		= {2013},
	Publisher = {IEEE Computer Society},
	address = {Vale do Silício, Estados Unidos}
}

@inproceedings{Le00,
  title 	= "{{Proving Transaction and System-level Properties of Untimed SystemC TLM Designs}}",
  author 	= {{GRO$\beta$E Daniel, LE, Hoang, DRECHSLER., Rolf}},
  booktitle = {International Conference on  Formal Methods and Models for Codesign, Lecture Notes in Computer Science},
  volume	= {1954},
  pages 	= {108-125},
  year 		= {2000},
	publisher = {IEEE Computer Society},
	address = {Grenoble, França}
}

@inproceedings{Donaldson10,
  title 	= "{{Automatic Analysis of Scratch-pad Memory Code for Heterogeneous Multicore Processors}}",
  author 	= {{DONALDSON, Alastair, KROENING, Daniel, RÜMMER, Phillip}},
  booktitle = {Tools and Algorithms for the Construction and Analysis of Systems, Lecture Notes in Computer Science},
  volume	= {6015},
  pages 	= {280-295},
  year 		= {2010},
	publisher = {Springer},
	address = {Paphos, Chipre}
}

@inproceedings{PrabhuMBIG11,
  title 	= "{{Interprocedural Exception Analysis for C++}}",
  author 	= {{PRABHU, Prakash, MAEDA, Naoto, BALAKRISHNAN, Gogul, IVANCIC, Franjo, GUPTA, Aarti}},
  booktitle = {Proceedings of European Conference on Object-Oriented Programming},
  ages 		= {583--608},
  year 		= {2011},
	address = {Lancaster, Reino Unido},
	publisher = {Springer}
}

@inproceedings{Yang12,
  title 	= "{{Object Model Construction for Inheritance in C++ and its Applications to Program Analysis}}",
  author 	= {{YANG, Jing, BALAKRISHNAN, Gogul, MAEDA, Naoto, et al.}},
  booktitle = {Lecture Notes in Computer Science},
  volume	= {7210},
  pages 	= {144--164},
  year 		= {2012},
	publisher = {Springer},
	address = {Tallinn, Estônia}
}

@inproceedings{Hoare69,
  title 	= "{{An axiomatic basis for computer programming}}",
  author 	= {{HOARE, Tony}},
  booktitle = {Proceedings of Association for Computing Machinery},
  pages 	= {576-580, 583},
  year 		= {1969},
	publisher = {ACM},
	address = {Nova York, Estados Unidos}
}

@inproceedings{svcomp2013,
  author    = {Dirk Beyer},
  title     = {Second Competition on Software Verification - (Summary of SV-COMP 2013)},
  booktitle = {Tools and Algorithms for the Construction and Analysis of Systems, Lecture Notes in Computer Science},
  volume    = {7795},
  year      = {2013},
  pages     = {594-609},
	publisher = {Springer},
	address = {Roma, Itália}
}

@inproceedings{ECBS13,
  title 	= "{{SMT-Based Bounded Model Checking of C++ Programs}}",
  author 	= {{RAMALHO, Mikhail, FREITAS, Mauro, SOUSA, Felipe, MARQUES, Hendrio, CORDEIRO, Lucas C., FISCHER, Bernd}},
  booktitle = {Proceedings of International Conference on the Engineering of Computer Based Systems},
  pages 	= {147-156},
  year 		= {2013},
	publisher = {IEEE Computer Society},
	address = {Phoenix, Estados Unidos}
}

@inproceedings{Kinductor,
  title 	= "{Software Verification using k-Induction}",
  author 	= {{DONALDSON, Alastair, HALLER, Leopold, KROENING, Daniel, RÜMMER, Phillip}},
  booktitle = {Static Analysis},
  pages 	= {351-268},
  year 		= {2011},
	publisher = {Springer},
	address = {Veneza, Itália}
}

@article{goldstein,
  title 	= "{{Checking the play in plug-and-play}}",
  author 	= {{GOLDSTEIN, Harry}},
  journal = {Spectrum},
  volume	= {39},
  number	= {4},
  pages 	= {957--974},
  year 		= {2012}
}

@article{Cordeiro12,
  title 	= "{{{SMT}-based bounded model checking for embedded {ANSI-C} software}}",
  author 	= {{CORDEIRO, Lucas, FISCHER, Bernd, MARQUES-SILVA, João}},
  journal = {IEEE Transaction of Software Engineering},
  volume	= {38},
  number	= {6},
  pages 	= {50--55},
  year 		= {2002}
}

@article{EenS03,
  author    = {{E{\'E}N, Niklas, S{\"O}RENSSON, Niklas}},
  title     = {{Temporal Induction by Incremental SAT Solving}},
  journal   = {Electronic Notes in Theoretical Computer Science},
  volume    = {89},
  number    = {4},
  year      = {2003},
}

@Book{Hennessy:1994:COD,
  author 	= {{PATTERSON, David, HENNESSY, John}},
  title 	= {Computer Organization and Design --- The Hardware\slash Software Interface},
  publisher = {Morgan Kaufmann},
  pages 	= "xxiv + 648",
  year 		= "1994",
	address = {Berkeley, Estados Unidos}
}

@book{Cormen,
  author 	= {{CORMEN, Thomas, LEISERSON, Charles, RIVEST, Ronald, STEIN, Clifford}},
  title 	= {Algoritmos: Teoria e Prática},
  year 		= {2001},
  publisher = {Elseveir},
  address = {São Paulo, Brasil}
}

@book{flex-bison,
  author 	= {{LEVINE, John}},
  title 	= {{flex \& bison}},
  publisher = "O'Reilly",
  pages 	= 292,
  year 		= {2009},
	address = {Estados Unidos}
}

@book{Stroustrup,
  author = {{STROUSTRUP, Bjarne}},
  title = {The C++ Programming Language},
  year = {2000},
  publisher = {Addison-Wesley Longman Publishing Co., Inc.},
  address = {Boston, MA, USA},
}

@book{CFG,
  title 	= "{{Advanced compiler design and implementation}}",
  author 	= {{MUCHNICK, Steven}},
  publisher	= {Morgan Kaufmann Publishers Inc.},
  year		= {1997},
	address = {Massachusetts, Estados Unidos}
}

@book{Bradley07,
  title 	= "{{The Calculus of Computation: Decision Procedures with Applications to Verification}}",
  author 	= {{BRADLEY, Aaron, ZOHAR, Manna}},
  publisher	= {Springer},
  year		= {2007},
  pages		= {366},
	address = {Stanford, Estados Unidos}
}

@book{Deitel,
  title 	= "{{C++ How to Program}}",
  author 	= {{DEITEL, Harvey, DEITEL, Paul}},
  publisher	= {Prentice Hall},
  year		= {2006},
  pages		= {1536},
	address = {Estados Unidos}
}

@book{Neggers99,
  title 	= "{{Basic Posets}}",
  author 	= {{NEGGERS, Joseph, KIIM, Hee}},
  publisher	= {World Scientific Pub Co Inc},
  year		= {1999},
  pages		= {178},
	address = {Singapura}
}

@book{jones2005gnu,
  title   = {GNU/Linux Application Programming},
  author  = {JONES, Tim},
  series  = {Charles River Media programming series},
  year    = {2005},
  publisher = {Charles River Media},
	address = {Boston, Estados Unidos}
}

@book{advancedlinux,
  title 	= "{{Advanced Linux Programming}}",
  author 	= {Mark Mitchell, Jeffrey Oldham and Alex Samuel},
  publisher	= {New Riders},
  year		= {2001},
	address = {Estados Unidos}
}

@book{TeseLucas,
  title 	= "{{SMT-Based Bounded Model Checking of Multi-threaded Software in Embedded Systems}}",
  author 	= {{CORDEIRO, Lucas}},
  publisher	= {University of Southampton},
	address = {Southampton, Reino Unido},
  year		= {2011},
  pages		= {197}
}

@book{kopetz,
  title 	= "{{Real-Time Systems: Design Principles for Distributed Embedded Applications}}",
  author 	= {{KOPETZ, Hermann}},
	address = {{Nova York, Estados Unidos}},
  publisher	= {Springer},
  year		= {2011},
  pages		= {376}
}

@book{heath,
  title 	= "{{Embedded Systems Design}}",
  author 	= {{HEATH, Steven}},
  publisher	= {Newnes},
  year		= {2003},
  pages		= {430},
	address = {Oxford, Reino Unido}
}

@book{BaierKatoen,
  title 	= "{{Principles of Model Checking}}",
  author 	= {{BAIER, Christel, KATOEN, Joost-Pieter}},
	publisher = {{MIT Press}},
  address	= {Cambridge, Reino Unido},
  year		= {2008},
  pages		= {975}
}

@book{KroeningDecProc,
  author = {Kroening, Daniel and Strichman, Ofer},
  title = {Decision Procedures: An Algorithmic Point of View},
  year = {2008},
  edition = {1},
  publisher = {Springer Publishing Company, Incorporated},
  address = {Oxford, Reino Unido}
}
